@inproceesings{7506659,
  author={Heaton, Jeff},
  booktitle={SoutheastCon 2016}, 
  title={Comparing dataset characteristics that favor the Apriori, Eclat or FP-Growth frequent itemset mining algorithms}, 
  year={2016},
  pages={1-7},
  doi={10.1109/SECON.2016.7506659}
}
